% Website
% Required fields: 'title' | 'author' | 'howpublished' | 'note'
% Optional fields: 'month' | 'year'
@misc{misc,
  title = {{Title}},
  author = {{Name Surname, Name Surname and Name Surname}},
  howpublished = {\url{https://www.google.com}},
  note = {{Accessed 31/01/2000}}
}

@container{container,
  title = {{What is a Container?}},
  author = {{Geeksforgeeks}},
  howpublished = {\url{https://www.geeksforgeeks.org/what-is-a-container/}},
  note = {{Accessed 18/04/2025}}
}

@docker{docker,
  title = {{What are Containers?}},
  author = {{Stephanie Susnjara}},
  howpublished = {\url{https://www.ibm.com/think/topics/containers}},
  note = {{Accessed 18/04/2025}}
}

@tls{tls,
  title = {{Transport Layer Security}},
  author = {{Wikipedia contributors}},
  howpublished = {\url{https://en.wikipedia.org/w/index.php?title=Transport_Layer_Security&oldid=1286177401}},
  note = {{Accessed 20/04/2025}}
}

@risks{risks,
  title = {{Reverse Proxies: Overview, Benefits and Risks}},
  author = {{Paul Christiano}},
  howpublished = {\url{https://expertbeacon.com/reverse-proxy/}},
  note = {{Accessed 22/04/2025}}
}

@certificates{certificates,
  title = {{What is an SSL certificate?}},
  author = {{Cloudflare}},
  howpublished = {\url{https://www.cloudflare.com/learning/ssl/what-is-an-ssl-certificate/}},
  note = {{Accessed 23/04/2025}}
}

% Book
% Required fields: 'author' or 'editor' | 'title' | 'publisher' | 'year'.
% Optional fields: 'volume' or 'number' | 'series' | 'address' | 'edition' | 'month' | 'note'
@book{book,
  author = {{Name Surname, Name Surname and Name Surname}},
  title = {{Title}},
  publisher = {{University of Trento}},
  year = 1994,
  edition = 2
}

% Conference
% Required fields: 'author' | 'title' | 'booktitle' | 'year'
% Optional fields: 'editor' | 'volume' or 'number' | 'series' | 'pages' | 'address' | 'month' | 'organization' | 'publisher' | 'note'
@conference{conference,
  author = {{Name Surname, Name Surname and Name Surname}},
  title = {{Title}},
  booktitle = {{University of Trento}},
  address = {{Trento | ITA}},
  year = 2005,
  month = jun,
  pages = {886-893}
}

% Article
% Required fields: 'author' | 'title' | 'journal' | 'year'
% Optional fields: 'volume' | 'number' | 'pages' | 'month' | 'note'
@article{article,
  author = {{Name Surname, Name Surname and Name Surname}},
  title = {{Title}},
  journal = {{University of Trento}},
  volume = 52,
  number = 4,
  pages = {1289-1306},
  year = 2006
}
